<record><leader>00000cas a22000007a 4500</leader><controlfield tag="001">15567587</controlfield><controlfield tag="008">870422d18311832inuwr ne      0    0eng d</controlfield><datafield ind1=" " ind2=" " tag="010"><subfield code="a">sn 87055780 </subfield></datafield><datafield ind1=" " ind2=" " tag="040"><subfield code="a">NPI</subfield><subfield code="b">eng</subfield><subfield code="c">NPI</subfield><subfield code="d">OCLCQ</subfield></datafield><datafield ind1=" " ind2=" " tag="042"><subfield code="a">msc</subfield></datafield><datafield ind1="0" ind2="4" tag="245"><subfield code="a">The North-western pioneer, and St. Josephs' intelligencer.</subfield></datafield><datafield ind1=" " ind2=" " tag="260"><subfield code="a">South-Bend, Ind. :</subfield><subfield code="b">J.D. &amp; J.H. Defrees,</subfield><subfield code="c">-1832.</subfield></datafield><datafield ind1=" " ind2=" " tag="310"><subfield code="a">Weekly</subfield></datafield><datafield ind1="1" ind2=" " tag="362"><subfield code="a">Began with Nov. 16, 1831 issue.</subfield></datafield><datafield ind1="0" ind2=" " tag="362"><subfield code="a">-v. 1, no. 26 (May 16, 1832).</subfield></datafield><datafield ind1=" " ind2=" " tag="588"><subfield code="a">Description based on: Vol. 1, no. 2 (Nov. 23, 1831).</subfield></datafield><datafield ind1=" " ind2=" " tag="752"><subfield code="a">United States</subfield><subfield code="b">Indiana</subfield><subfield code="c">Saint Joseph</subfield><subfield code="d">South Bend.</subfield></datafield><datafield ind1="0" ind2="0" tag="785"><subfield code="t">St. Joseph beacon; and Indiana &amp; Michigan intelligencer</subfield><subfield code="w">(DLC)sn 87055781</subfield></datafield></record>